<record><leader>00000cas a2200000 a 4500</leader><controlfield tag="001">8807605</controlfield><controlfield tag="008">820925d18651874iduwr ne      0    0eng  </controlfield><datafield ind1=" " ind2=" " tag="010"><subfield code="a">sn 82014692 </subfield></datafield><datafield ind1=" " ind2=" " tag="040"><subfield code="a">DLC</subfield><subfield code="b">eng</subfield><subfield code="c">DLC</subfield><subfield code="d">NPV</subfield><subfield code="d">NPU</subfield><subfield code="d">UNP</subfield><subfield code="d">DLC</subfield><subfield code="d">NVB</subfield><subfield code="d">ANU</subfield><subfield code="d">CNK</subfield><subfield code="d">OCLCQ</subfield><subfield code="d">CUI</subfield><subfield code="d">OCLCQ</subfield></datafield><datafield ind1=" " ind2=" " tag="042"><subfield code="a">pcc</subfield></datafield><datafield ind1=" " ind2=" " tag="043"><subfield code="a">n-us-id</subfield></datafield><datafield ind1="0" ind2="0" tag="050"><subfield code="a">Newspaper</subfield></datafield><datafield ind1=" " ind2="4" tag="050"><subfield code="a">AN</subfield></datafield><datafield ind1="0" ind2=" " tag="130"><subfield code="a">Owyhee avalanche (Ruby City, Idaho)</subfield></datafield><datafield ind1="1" ind2="4" tag="245"><subfield code="a">The Owyhee avalanche.</subfield></datafield><datafield ind1="1" ind2="3" tag="246"><subfield code="a">Owyhee avalanche and tidal wave</subfield></datafield><datafield ind1="1" ind2="7" tag="246"><subfield code="a">Avalanche</subfield></datafield><datafield ind1=" " ind2=" " tag="260"><subfield code="a">Ruby City, I.T. [Idaho] :</subfield><subfield code="b">Wasson &amp; Co.</subfield></datafield><datafield ind1=" " ind2=" " tag="300"><subfield code="a">v. ;</subfield><subfield code="c">45-69 cm.</subfield></datafield><datafield ind1=" " ind2=" " tag="310"><subfield code="a">Weekly</subfield></datafield><datafield ind1="0" ind2=" " tag="362"><subfield code="a">Vol. 1, no. 1 (Aug. 19, 1865)-v. 10, no. 2 (Oct. 10, 1874).</subfield></datafield><datafield ind1=" " ind2=" " tag="500"><subfield code="a">Published in Silver City, Aug. 18, 1866-Oct. 10, 1874.</subfield></datafield><datafield ind1=" " ind2=" " tag="515"><subfield code="a">Vol. 10, nos. 3 &amp; 4 not published.</subfield></datafield><datafield ind1=" " ind2=" " tag="530"><subfield code="a">Also issued on microfilm from the Library of Congress Photoduplication Service Section.</subfield></datafield><datafield ind1=" " ind2=" " tag="580"><subfield code="a">Absorbed: Owyhee tidal wave, Feb. 1870.</subfield></datafield><datafield ind1=" " ind2="0" tag="651"><subfield code="a">Silver City (Idaho)</subfield><subfield code="v">Newspapers.</subfield></datafield><datafield ind1=" " ind2="0" tag="651"><subfield code="a">Ruby City (Idaho)</subfield><subfield code="v">Newspapers.</subfield></datafield><datafield ind1=" " ind2="0" tag="651"><subfield code="a">Owyhee County (Idaho)</subfield><subfield code="v">Newspapers.</subfield></datafield><datafield ind1=" " ind2=" " tag="752"><subfield code="a">United States</subfield><subfield code="b">Idaho</subfield><subfield code="c">Owyhee</subfield><subfield code="d">Silver City.</subfield></datafield><datafield ind1=" " ind2=" " tag="752"><subfield code="a">United States</subfield><subfield code="b">Idaho</subfield><subfield code="c">Owyhee</subfield><subfield code="d">Ruby City.</subfield></datafield><datafield ind1="0" ind2="8" tag="776"><subfield code="i">Online version:</subfield><subfield code="t">Owyhee avalanche (Ruby City, Idaho : Online)</subfield><subfield code="w">(OCoLC)192107472</subfield></datafield><datafield ind1="1" ind2="5" tag="780"><subfield code="t">Owyhee tidal wave</subfield><subfield code="w">(DLC)sn 84024253</subfield><subfield code="w">(OCoLC)10454096</subfield></datafield><datafield ind1="0" ind2="0" tag="785"><subfield code="t">Owyhee weekly avalanche</subfield><subfield code="w">(DLC)sn 84024052</subfield><subfield code="w">(OCoLC)10454152</subfield></datafield><datafield ind1="1" ind2=" " tag="029"><subfield code="a">AU@</subfield><subfield code="b">000025821124</subfield></datafield></record>